@conference{aws_inforce_malware,
  author          = {Michael Mattes},
  title           = {Malware analysis with AWS},
  year            = {2022},
  note            = "\url{https://d1.awsstatic.com/events/aws-reinforce-2022/NIS231_Malware-analysis-with-AWS.pdf}"
}